<?xml version="1.0" encoding="UTF-8"?><collection xmlns="http://www.loc.gov/MARC21/slim"><record><leader>00405nam--2200133-i-4500</leader><controlfield tag="001">000034608</controlfield><controlfield tag="002">20161230</controlfield><controlfield tag="005">20161230201040</controlfield><controlfield tag="008">060222s1000------------r-----000-0-eng-d</controlfield><datafield ind1=" " ind2=" " tag="080"><subfield code="a">502.554(203):628.511</subfield></datafield><datafield ind1=" " ind2=" " tag="245"><subfield code="a">New concepts in air pollution research. interdisciplinary contributions in an int.group of ..</subfield></datafield><datafield ind1=" " ind2=" " tag="260"><subfield code="a">Basel , Birkhauser Verlag, 1974. 184p</subfield></datafield><datafield ind1=" " ind2=" " tag="700"><subfield code="a">Jan-olaf Willums</subfield></datafield><datafield ind1=" " ind2=" " tag="852"><subfield code="a">45849</subfield></datafield></record></collection>